@Article{hotelling:33,
  author = {Hotelling, H.},
  title      = {Analysis of a complex of statistical variables into principal components},
  journal = {Journal of {E}ducational {P}sychology},
  year     = {1933},
  volume = {24},
  number = {6},
  pages   = {417--441}
}

@book{james2013introduction,
  title={An introduction to statistical learning},
  author={James, Gareth and Witten, Daniela and Hastie, Trevor and Tibshirani, Robert},
  volume={112},
  year={2013},
  publisher={Springer}
}